[gd_scene load_steps=5 format=2]

[ext_resource path="res://assets/entities/aircraft/c172p/models/c172p.dae" type="PackedScene" id=1]
[ext_resource path="res://assets/entities/aircraft/c172p/materials/window_glass.tres" type="Material" id=2]



[sub_resource type="SpatialMaterial" id=1]
flags_transparent = true
albedo_color = Color( 1, 1, 1, 0.219608 )

[sub_resource type="SpatialMaterial" id=2]
flags_transparent = true
albedo_color = Color( 1, 1, 1, 0.254902 )

[node name="c172p" index="0" instance=ExtResource( 1 )]

[node name="glas" parent="." index="30"]
material/0 = ExtResource( 2 )

[node name="leftwindow" parent="." index="38"]
material/0 = ExtResource( 2 )

[node name="leftwindow_interior" parent="." index="39"]
material/0 = ExtResource( 2 )

[node name="rightwindow" parent="." index="46"]
material/0 = ExtResource( 2 )

[node name="rightwindow_interior" parent="." index="47"]
material/0 = ExtResource( 2 )

[node name="glas_interior" parent="." index="79"]
material/0 = SubResource( 1 )

[node name="glas_interior_back" parent="." index="80"]
material/0 = ExtResource( 2 )

[node name="glas_interior_sides" parent="." index="81"]
material/0 = ExtResource( 2 )

[node name="glas_front_interior_sides" parent="." index="82"]
material/0 = SubResource( 2 )
