[gd_scene load_steps=5 format=2]

[ext_resource path="res://assets/development/asset_showcase/light_rotation.gd" type="Script" id=1]
[ext_resource path="res://assets/development/asset_showcase/camera.gd" type="Script" id=2]
[ext_resource path="res://assets/development/asset_showcase/test_environment.tres" type="Environment" id=3]

[sub_resource type="CubeMesh" id=1]

[node name="World" type="Node"]

[node name="Entities" type="Node" parent="."]

[node name="Sun" type="DirectionalLight" parent="Entities"]
transform = Transform( 0.760026, 4.89965e-007, 0.649892, -0.403484, 0.783932, 0.47186, -0.509471, -0.620847, 0.595809, 0, 6.20537, 0 )
shadow_enabled = true
shadow_bias = 0.0
shadow_contact = 0.6
script = ExtResource( 1 )

[node name="PARENT_TO_ME" type="Spatial" parent="Entities"]

[node name="MeshInstance" type="MeshInstance" parent="Entities"]
transform = Transform( 1, 0, 0, 0, 1, 0, 0, 0, 1, 0, -1.36945, 0 )
mesh = SubResource( 1 )
material/0 = null

[node name="CameraOrigin" type="Spatial" parent="Entities"]
editor/display_folded = true

[node name="Yaw" type="Spatial" parent="Entities/CameraOrigin"]

[node name="Pitch" type="Spatial" parent="Entities/CameraOrigin/Yaw"]

[node name="Camera" type="Camera" parent="Entities/CameraOrigin/Yaw/Pitch"]
transform = Transform( 1, 0, 0, 0, 1, 0, 0, 0, 1, 0, 0, 2.60497 )
script = ExtResource( 2 )

[node name="Spatial" type="Spatial" parent="Entities/CameraOrigin/Yaw/Pitch"]

[node name="Environment" type="WorldEnvironment" parent="."]
environment = ExtResource( 3 )
